
%---------- BIB
@Article{uni,
author = {A. Azzalini},
title = {A Class of Distributions which Includes the Normal Ones},
journal = {Scandinavian Journal of Statistics 12},
year = {1985},
}